<?xml version="1.0" encoding="UTF-8"?><record xmlns="http://www.loc.gov/MARC21/slim" xmlns:cinclude="http://apache.org/cocoon/include/1.0" xmlns:zs="http://www.loc.gov/zing/srw/">
  <leader>00609cz  a2200145n  4500</leader>
  <controlfield tag="001">no 97062880 </controlfield>
  <controlfield tag="003">DLC</controlfield>
  <controlfield tag="005">20050630133017.0</controlfield>
  <controlfield tag="008">971027n| acannaab           |n aaa     c</controlfield>
  <datafield tag="010" ind1=" " ind2=" ">
    <subfield code="a">no 97062880 </subfield>
  </datafield>
  <datafield tag="035" ind1=" " ind2=" ">
    <subfield code="a">(OCoLC)oca04484108</subfield>
  </datafield>
  <datafield tag="040" ind1=" " ind2=" ">
    <subfield code="a">DJBF</subfield>
    <subfield code="c">DJBF</subfield>
    <subfield code="d">DLC</subfield>
  </datafield>
  <datafield tag="100" ind1="1" ind2="0">
    <subfield code="a">Holscher, Michael</subfield>
  </datafield>
  <datafield tag="670" ind1=" " ind2=" ">
    <subfield code="a">Sexual and reproductive health behavior among Romanian adolescents, 1997:</subfield>
    <subfield code="b">t.p. (Michael Holscher)</subfield>
  </datafield>
  <datafield tag="670" ind1=" " ind2=" ">
    <subfield code="a">Kulturelle Unterschiede in der Europäischen Union, 2005:</subfield>
    <subfield code="b">t.p. (Michael Hölscher) p. 4 of cover (M.A., wissenschaftlicher Mitarbeiter, Institut für Kulturwissenschaften, Universität Leipzig)</subfield>
  </datafield>
</record>